<record><leader>00000cas a22000007a 4500</leader><controlfield tag="001">15028350</controlfield><controlfield tag="008">861231d18891891aludr ne      0    0eng d</controlfield><datafield ind1=" " ind2=" " tag="010"><subfield code="a">sn 86050483 </subfield></datafield><datafield ind1=" " ind2=" " tag="040"><subfield code="a">AAR</subfield><subfield code="b">eng</subfield><subfield code="c">AAR</subfield><subfield code="d">CPN</subfield><subfield code="d">OCLCQ</subfield><subfield code="d">UKMGB</subfield></datafield><datafield ind1="7" ind2=" " tag="016"><subfield code="a">013897682</subfield><subfield code="2">Uk</subfield></datafield><datafield ind1=" " ind2=" " tag="042"><subfield code="a">msc</subfield></datafield><datafield ind1="0" ind2=" " tag="130"><subfield code="a">Evening journal (Montgomery, Ala.)</subfield></datafield><datafield ind1="1" ind2="0" tag="245"><subfield code="a">Evening journal.</subfield></datafield><datafield ind1=" " ind2=" " tag="260"><subfield code="a">Montgomery, Ala. :</subfield><subfield code="b">[s.n.]</subfield></datafield><datafield ind1=" " ind2=" " tag="300"><subfield code="a">v.</subfield></datafield><datafield ind1=" " ind2=" " tag="310"><subfield code="a">Daily (except Sun.)</subfield></datafield><datafield ind1="1" ind2=" " tag="362"><subfield code="a">Began in 1889; ceased in 1891.</subfield></datafield><datafield ind1=" " ind2=" " tag="515"><subfield code="a">Numbering is irregular.</subfield></datafield><datafield ind1=" " ind2=" " tag="588"><subfield code="a">Description based on: Vol. 1, no. 70 (Nov. 2, 1889).</subfield></datafield><datafield ind1=" " ind2=" " tag="752"><subfield code="a">United States</subfield><subfield code="b">Alabama</subfield><subfield code="c">Montgomery</subfield><subfield code="d">Montgomery.</subfield></datafield><datafield ind1="0" ind2="0" tag="785"><subfield code="t">Montgomery journal (Montgomery, Ala.)</subfield><subfield code="w">(DLC)sn 86050482</subfield></datafield></record>